
@inproceedings{HMZ-FORTE2016,
	Author = {Henrio, Ludovic and Madelaine, Eric and Zhang, Min},
	Booktitle = {FORTE 2016},
	Editor = {Elvira Albert and	Ivan Lanese},
	Month = jun,
	Note = {11th International Federated Conference on Distributed Computing Techniques, 
		Heraklion, Greece. Extended version available at: 
		\url{https://hal.archives-ouvertes.fr/hal-01299562}},
	Organization = {IFIP International Federation for Information Processing},
	Publisher = {Springer},
	Series = {LNCS},
	Title = {A Theory for the Composition of Concurrent Processes},
	Year = 2016
}